@book{szabo,
  title={Modern Quantum Chemistry: Introduction to Advanced Electronic Structure Theory},
  author={Szabo, Attila and Ostlund, Neil S},
  year={2012},
  publisher={Courier Corporation}
}

@article{rel1,
  title={The relativistic self-consistent field},
  author={Swirles, Bertha},
  journal={Proceedings of the Royal Society of London. Series A-Mathematical and Physical Sciences},
  volume={152},
  number={877},
  pages={625--649},
  year={1935},
  publisher={The Royal Society London}
}

@article{rel2,
  title={Quantum mechanics of many-electron systems},
  author={Dirac, Paul Adrien Maurice},
  journal={Proceedings of the Royal Society of London. Series A, Containing Papers of a Mathematical and Physical Character},
  volume={123},
  number={792},
  pages={714--733},
  year={1929},
  publisher={The Royal Society London}
}

@article{pyykko1,
  title={Relativistic effects in structural chemistry},
  author={Pyykk{\"o}, Pekka},
  journal={Chemical Reviews},
  volume={88},
  number={3},
  pages={563--594},
  year={1988},
  publisher={ACS Publications}
}

@article{pyykko2,
  title={Theoretical chemistry of gold},
  author={Pyykk{\"o}, Pekka},
  journal={Angewandte Chemie International Edition},
  volume={43},
  number={34},
  pages={4412--4456},
  year={2004},
  publisher={Wiley Online Library}
}

@article{pyykko3,
  title={Relativity and the periodic system of elements},
  author={Pyykk{\"o}, Pekka and Desclaux, Jean Paul},
  journal={Accounts of Chemical Research},
  volume={12},
  number={8},
  pages={276--281},
  year={1979},
  publisher={ACS Publications}
}

@article{n2-ci,
  title={A full-configuration benchmark for the N2 molecule},
  author={Rossi, Elda and Bendazzoli, Gian Luigi and Evangelisti, Stefano and Maynau, Daniel},
  journal={Chemical Physics Letters},
  volume={310},
  number={5-6},
  pages={530--536},
  year={1999},
  publisher={Elsevier}
}

@article{cc1,
  title={Coupled-cluster theory in quantum chemistry},
  author={Bartlett, Rodney J and Musia{\l}, Monika},
  journal={Reviews of Modern Physics},
  volume={79},
  number={1},
  pages={291},
  year={2007},
  publisher={APS}
}


@article{cc2,
  title={Higher excitations in coupled-cluster theory},
  author={K{\'a}llay, Mih{\'a}ly and Surj{\'a}n, P{\'e}ter R},
  journal={The Journal of Chemical Physics},
  volume={115},
  number={7},
  pages={2945--2954},
  year={2001},
  publisher={American Institute of Physics}
}


@article{cc3,
  title={A full coupled-cluster singles and doubles model: The inclusion of disconnected triples},
  author={Purvis III, George D and Bartlett, Rodney J},
  journal={The Journal of Chemical Physics},
  volume={76},
  number={4},
  pages={1910--1918},
  year={1982},
  publisher={American Institute of Physics}
}

@article{cc4,
  title={A comparison of the efficiency and accuracy of the quadratic configuration interaction (QCISD), coupled cluster (CCSD), and Brueckner coupled cluster (BCCD) methods},
  author={Hampel, Claudia and Peterson, Kirk A and Werner, Hans-Joachim},
  journal={Chemical Physics Letters},
  volume={190},
  number={1-2},
  pages={1--12},
  year={1992},
  publisher={Elsevier}
}

@book{mbpt-book,
  title={Many-body Methods in Chemistry and Physics: MBPT and Coupled-Cluster Theory},
  author={Shavitt, Isaiah and Bartlett, Rodney J},
  year={2009},
  publisher={Cambridge University Press}
}

@book{mc-book,
  title={Monte Carlo Methods},
  author={Kalos, Malvin H and Whitlock, Paula A},
  year={2009},
  publisher={John Wiley \& Sons}
}

@article{mp2-direct,
  title={MP2 energy evaluation by direct methods},
  author={Head-Gordon, Martin and Pople, John A and Frisch, Michael J},
  journal={Chemical Physics Letters},
  volume={153},
  number={6},
  pages={503--506},
  year={1988},
  publisher={Elsevier}
}

@book{systems,
  title={Systems Performance: Enterprise and The Cloud},
  author={Gregg, Brendan},
  year={2013},
  publisher={Pearson Education}
}

@book{laplace,
  title={Laplace transform (PMS-6)},
  author={Widder, David Vernon},
  year={2015},
  publisher={Princeton university press}
}

@article{almlof1,
  title={Laplace transform techniques in Mo/ller--Plesset perturbation theory},
  author={H{\"a}ser, Marco and Alml{\"o}f, Jan},
  journal={The Journal of chemical physics},
  volume={96},
  number={1},
  pages={489--494},
  year={1992},
  publisher={American Institute of Physics}
}

@article{almlof2,
  title={Elimination of energy denominators in M{\o}llerâ€”Plesset perturbation theory by a Laplace transform approach},
  author={Alml{\"o}f, Jan},
  journal={Chemical physics letters},
  volume={181},
  number={4},
  pages={319--320},
  year={1991},
  publisher={Elsevier}
}

@article{almlof3,
  title={M{\o}ller-Plesset correlation energies in a localized orbital basis using a Laplace transform technique},
  author={Wilson, Angela K and Alml{\"o}f, Jan},
  journal={Theoretica chimica acta},
  volume={95},
  number={1-2},
  pages={49--62},
  year={1997},
  publisher={Springer}
}

@article{willow1,
  title={Stochastic evaluation of second-order many-body perturbation energies},
  author={Willow, Soohaeng Yoo and Kim, Kwang S and Hirata, So},
  journal={The Journal of chemical physics},
  volume={137},
  number={20},
  pages={204122},
  year={2012},
  publisher={American Institute of Physics}
}

@misc{willow2,
  title={Communication: Stochastic evaluation of explicitly correlated second-order many-body perturbation energy},
  author={Willow, Soohaeng Yoo and Zhang, Jinmei and Valeev, Edward F and Hirata, So},
  year={2014},
  publisher={American Institute of Physics}
}

@article{gaussian,
  title={The general Gaussian product theorem},
  author={Besal{\'u}, Emili and Carb{\'o}-Dorca, Ramon},
  journal={Journal of Mathematical Chemistry},
  volume={49},
  number={8},
  pages={1769--1784},
  year={2011},
  publisher={Springer}
}

@article{gaussian-eval,
  title={Efficient recursive computation of molecular integrals over Cartesian Gaussian functions},
  author={Obara, Shigeru and Saika, A},
  journal={The Journal of chemical physics},
  volume={84},
  number={7},
  pages={3963--3974},
  year={1986},
  publisher={American Institute of Physics}
}

@article{s22,
  title={Quantum chemical benchmark energy and geometry database for molecular clusters and complex molecular systems (www.begdb.com): a users manual and examples},
  author={{\v{R}}ez{\'a}{\v{c}}, Jan and Jure{\v{c}}ka, Petr and Riley, Kevin E and {\v{C}}ern{\`y}, Ji{\v{r}}{\'\i} and Valdes, Haydee and Pluh{\'a}{\v{c}}kov{\'a}, Krist{\`y}na and Berka, Karel and {\v{R}}ez{\'a}{\v{c}}, Tom{\'a}{\v{s}} and Pito{\v{n}}{\'a}k, Michal and Vondr{\'a}{\v{s}}ek, Ji{\v{r}}{\'\i} and others},
  journal={Collection of Czechoslovak Chemical Communications},
  volume={73},
  number={10},
  pages={1261--1270},
  year={2008},
  publisher={Institute of Organic Chemistry and Biochemistry AS CR, vvi}
}
